@book{cramer2013essentials,
  title     = {Essentials of Computational Chemistry: Theories and Models},
  author    = {Cramer, C.J.},
  isbn      = {9781118712276},
  url       = {https://books.google.com/books?id=k4R6cf7I7q0C},
  year      = {2013},
  publisher = {Wiley}
}

@article{fringingfieldsBealeChapman2019,
  author = {Beale, Valerie and Chapman, Nathan},
  title  = {Distance and Plate Seperation Dependence of Fringing Fields of Parallel Plate Capacitors},
  year   = {2019}
}

@book{griffiths2017introduction,
  title     = {Introduction to Electrodynamics},
  author    = {Griffiths, D.J.},
  isbn      = {9781108357142},
  url       = {https://books.google.com/books?id=Kh4xDwAAQBAJ},
  year      = {2017},
  publisher = {Cambridge University Press}
}

@misc{parallelnbody,
  title         = {Parallel N-body simulations of planetary systems: a direct approach},
  author        = {Dhananjay Saikumar},
  year          = {2022},
  eprint        = {2208.13562},
  archiveprefix = {arXiv},
  primaryclass  = {astro-ph.EP}
}

@book{taylor2005classical,
  title     = {Classical Mechanics},
  author    = {Taylor, J.R.},
  isbn      = {9781891389221},
  lccn      = {2004054971},
  series    = {G - Reference,Information and Interdisciplinary Subjects Series},
  url       = {https://books.google.com/books?id=P1kCtNr-pJsC},
  year      = {2005},
  publisher = {University Science Books}
}

@inbook{scf,
  author         = {Hanson, David and Harvey, Erica and Sweeney, Robert and Zielinski, Theresa},
  chapter        = {8: Multielectron Atoms},
  pages          = {},
  publisher      = {LibreTexts.org},
  title          = {8.3: Hartree-Fock Equations are Solved by the Self-Consistent Field Method},
  year           = {}
}