@manual{gcc,
  author       = {GNU},
  title        = {Options That Control Optimization},
  url          = {https://gcc.gnu.org/onlinedocs/gcc/Optimize-Options.html}
}

@manual{flang,
  author       = {FLang},
  title        = {Stack arrays pass},
  url          = {https://flang.llvm.org/docs/fstack-arrays.html}
}